<?xml version="1.0" encoding="UTF-8"?><record xmlns="http://www.loc.gov/MARC21/slim" xmlns:cinclude="http://apache.org/cocoon/include/1.0" xmlns:zs="http://www.loc.gov/zing/srw/">
  <leader>00397cz  a2200121n  4500</leader>
  <controlfield tag="001">n 2001016556</controlfield>
  <controlfield tag="003">DLC</controlfield>
  <controlfield tag="005">20011016100351.0</controlfield>
  <controlfield tag="008">011016n| acannaabn          |n aaa      </controlfield>
  <datafield tag="010" ind1=" " ind2=" ">
    <subfield code="a">n 2001016556</subfield>
  </datafield>
  <datafield tag="040" ind1=" " ind2=" ">
    <subfield code="a">DLC</subfield>
    <subfield code="b">eng</subfield>
    <subfield code="c">DLC</subfield>
  </datafield>
  <datafield tag="100" ind1="1" ind2=" ">
    <subfield code="a">Darier, Samuel,</subfield>
    <subfield code="d">1808-1884</subfield>
  </datafield>
  <datafield tag="670" ind1=" " ind2=" ">
    <subfield code="a">Frei, Anita. Samuel Darier, architecte aĚ GeneĚve (1808-1884), 1999:</subfield>
    <subfield code="b">p. 5, etc. (architect, b. Apr. 18, 1808; d. May 15, 1884)</subfield>
  </datafield>
</record>